<record><leader>00000cas a22000007a 4500</leader><controlfield tag="001">20122019</controlfield><controlfield tag="008">890803d19461964gauwr ne      0    0eng d</controlfield><datafield ind1=" " ind2=" " tag="010"><subfield code="a">sn 89053479 </subfield></datafield><datafield ind1=" " ind2=" " tag="040"><subfield code="a">NLG</subfield><subfield code="b">eng</subfield><subfield code="c">NLG</subfield><subfield code="d">GUA</subfield><subfield code="d">OCLCQ</subfield><subfield code="d">OCLCF</subfield><subfield code="d">OCLCO</subfield></datafield><datafield ind1="1" ind2=" " tag="029"><subfield code="a">AU@</subfield><subfield code="b">000040635821</subfield></datafield><datafield ind1=" " ind2=" " tag="042"><subfield code="a">msc</subfield></datafield><datafield ind1=" " ind2=" " tag="043"><subfield code="a">n-us-ga</subfield></datafield><datafield ind1="0" ind2=" " tag="130"><subfield code="a">Hogansville herald (Hogansville, Ga. : 1946)</subfield></datafield><datafield ind1="1" ind2="4" tag="245"><subfield code="a">The Hogansville herald.</subfield></datafield><datafield ind1=" " ind2=" " tag="260"><subfield code="a">Hogansville, Ga. :</subfield><subfield code="b">Leo H. Bowen</subfield></datafield><datafield ind1=" " ind2=" " tag="300"><subfield code="a">v.</subfield></datafield><datafield ind1=" " ind2=" " tag="310"><subfield code="a">Weekly</subfield></datafield><datafield ind1="0" ind2=" " tag="362"><subfield code="a">Vol. 1, no. 1 (Feb. 21, 1946)-20th year, ed. 44 (Dec. 3, 1964).</subfield></datafield><datafield ind1=" " ind2=" " tag="530"><subfield code="a">Also on microfilm: Athens, Ga. : University of Georgia Libraries.</subfield></datafield><datafield ind1=" " ind2="0" tag="651"><subfield code="a">Hogansville (Ga.)</subfield><subfield code="v">Newspapers.</subfield></datafield><datafield ind1=" " ind2="0" tag="651"><subfield code="a">Troup County (Ga.)</subfield><subfield code="v">Newspapers.</subfield></datafield><datafield ind1=" " ind2="7" tag="655"><subfield code="a">Newspapers.</subfield><subfield code="2">fast</subfield><subfield code="0">(OCoLC)fst01423814</subfield></datafield><datafield ind1=" " ind2="7" tag="651"><subfield code="a">Georgia</subfield><subfield code="z">Hogansville.</subfield><subfield code="2">fast</subfield><subfield code="0">(OCoLC)fst01226939</subfield></datafield><datafield ind1=" " ind2="7" tag="651"><subfield code="a">Georgia</subfield><subfield code="z">Troup County.</subfield><subfield code="2">fast</subfield><subfield code="0">(OCoLC)fst01215298</subfield></datafield><datafield ind1=" " ind2=" " tag="752"><subfield code="a">United States</subfield><subfield code="b">Georgia</subfield><subfield code="c">Troup</subfield><subfield code="d">Hogansville.</subfield></datafield><datafield ind1="0" ind2="5" tag="780"><subfield code="t">Georgia progress (Hogansville, Ga.)</subfield></datafield><datafield ind1="0" ind2="0" tag="785"><subfield code="t">Troup County herald</subfield><subfield code="w">(DLC)sn 89053480</subfield><subfield code="w">(OCoLC)20122203</subfield></datafield></record>